@article{chan2006sine,
  title={The Sine Product Formula and the Gamma Function},
  author={Chan, Erica},
  year={2006},
  url={https://ocw.mit.edu/courses/18-104-seminar-in-analysis-applications-to-number-theory-fall-2006/58778de0faae6448c3b0bfb1a1ec4f7a_chan.pdf}
}
@article{sahooinfinite,
  title={Infinite products and their applications to infinite series},
  author={Sahoo, Sarthak},
  url={https://www.parabola.unsw.edu.au/files/articles/2020-2029/volume-57-2021/issue-2/vol57_no2_3.pdf}
}
@article{keogh1965riesz,
  title={Riesz products},
  author={Keogh, FR},
  journal={Proceedings of the London Mathematical Society},
  volume={3},
  number={1},
  pages={174--182},
  year={1965},
  publisher={Oxford University Press},
  url={https://eclass.uoa.gr/modules/document/file.php/MATH121/04-%CE%95%CF%81%CE%B3%CE%B1%CF%83%CE%AF%CE%B5%CF%82/04-1.%20%CE%A4%CE%B1%20%CE%B8%CE%AD%CE%BC%CE%B1%CF%84%CE%B1/49.%20Riesz-products.pdf}
}
@article{bombieri2000problems,
  title={Problems of the millennium: The Riemann hypothesis},
  author={Bombieri, Enrico},
  journal={Clay Mathematics Institute},
  year={2000},
  url={https://www.claymath.org/wp-content/uploads/2022/05/riemann.pdf}
}
@article{riemann1990ueber,
  title={Ueber die Anzahl der Primzahlen unter einer gegebenen Gr{\"o}sse.},
  author={Riemann, Bernhard},
  journal={Gesammelte mathematische Werke und, wissenchaftlicher Nachla{\ss}},
  pages={177--185},
  year={1990},
  url={https://www.claymath.org/wp-content/uploads/2023/04/Wilkins-transcription.pdf}
}